<record><leader>00000cas a22000007a 4500</leader><controlfield tag="001">36163753</controlfield><controlfield tag="008">970106d19uu1982sduwr ne      0    0eng d</controlfield><datafield ind1=" " ind2=" " tag="010"><subfield code="a">sn 97065705 </subfield></datafield><datafield ind1=" " ind2=" " tag="040"><subfield code="a">SXN</subfield><subfield code="b">eng</subfield><subfield code="c">SXN</subfield><subfield code="d">OCLCQ</subfield><subfield code="d">OCLCF</subfield><subfield code="d">OCLCO</subfield></datafield><datafield ind1="1" ind2=" " tag="029"><subfield code="a">AU@</subfield><subfield code="b">000013023839</subfield></datafield><datafield ind1=" " ind2=" " tag="042"><subfield code="a">msc</subfield></datafield><datafield ind1=" " ind2=" " tag="043"><subfield code="a">n-us-sd</subfield></datafield><datafield ind1="0" ind2=" " tag="130"><subfield code="a">Tripp County journal (Winner, S.D. : 1947)</subfield></datafield><datafield ind1="1" ind2="0" tag="245"><subfield code="a">Tripp County journal.</subfield></datafield><datafield ind1=" " ind2=" " tag="260"><subfield code="a">Winner, S.D. :</subfield><subfield code="b">Journal Co.</subfield></datafield><datafield ind1=" " ind2=" " tag="300"><subfield code="a">v.</subfield></datafield><datafield ind1=" " ind2=" " tag="310"><subfield code="a">Weekly</subfield></datafield><datafield ind1="1" ind2=" " tag="362"><subfield code="a">Ceased July 28, 1982.</subfield></datafield><datafield ind1=" " ind2=" " tag="530"><subfield code="a">Available on microfilm from State Archives, South Dakota State Historical Society.</subfield></datafield><datafield ind1=" " ind2=" " tag="580"><subfield code="a">Same in content and advertising as: Winner advocate (Winner, S.D. : 1911), &lt;1953&gt;-July 28, 1982.</subfield></datafield><datafield ind1=" " ind2=" " tag="588"><subfield code="a">Description based on: Vol. 38, no. 45 (Sept. 18, 1947).</subfield></datafield><datafield ind1=" " ind2="0" tag="651"><subfield code="a">Winner (S.D.)</subfield><subfield code="v">Newspapers.</subfield></datafield><datafield ind1=" " ind2="0" tag="651"><subfield code="a">Tripp County (S.D.)</subfield><subfield code="v">Newspapers.</subfield></datafield><datafield ind1=" " ind2="7" tag="655"><subfield code="a">Newspapers.</subfield><subfield code="2">fast</subfield><subfield code="0">(OCoLC)fst01423814</subfield></datafield><datafield ind1=" " ind2="7" tag="651"><subfield code="a">South Dakota</subfield><subfield code="z">Tripp County.</subfield><subfield code="2">fast</subfield><subfield code="0">(OCoLC)fst01208899</subfield></datafield><datafield ind1=" " ind2="7" tag="651"><subfield code="a">South Dakota</subfield><subfield code="z">Winner.</subfield><subfield code="2">fast</subfield><subfield code="0">(OCoLC)fst01224840</subfield></datafield><datafield ind1=" " ind2=" " tag="752"><subfield code="a">United States</subfield><subfield code="b">South Dakota</subfield><subfield code="c">Tripp</subfield><subfield code="d">Winner.</subfield></datafield><datafield ind1="0" ind2="5" tag="780"><subfield code="t">Colome times</subfield><subfield code="w">(DLC)sn 97065702</subfield></datafield><datafield ind1="0" ind2="4" tag="785"><subfield code="t">Winner advocate (Winner, S.D. : 1911)</subfield><subfield code="w">(DLC)sn 97065709</subfield></datafield><datafield ind1="1" ind2=" " tag="787"><subfield code="t">Winner advocate (Winner, S.D. : 1911)</subfield><subfield code="w">(DLC)sn 97065709</subfield></datafield></record>